@article{cui2015network,
  title={Network fingerprint: a knowledge-based characterization of biomedical networks},
  author={Cui, Xiuliang and He, Haochen and He, Fuchu and Wang, Shengqi and Li, Fei and Bo, Xiaochen},
  journal={Scientific reports},
  volume={5},
  year={2015},
  publisher={Nature Publishing Group}
}
